@manual{dp5_user_man,
    title           = {DP5 User Manual and Operating Instructions Rev A1},
    organization    = {Amptek, Inc.},
    address         = {14 DeAngelo Dr., Bedford, MA 01730}
}

@manual{dp5_prog_guide,
    title           = {DP5 Programmer's Guide Rev A7},
    organization    = {Amptek, Inc.},
    address         = {14 DeAngelo Dr., Bedford, MA 01730}
}
